% Encoding: UTF-8

@Article{bencsik2017dynamic,
  author    = {Bencsik, L{\'a}szl{\'o}},
  title     = {Dynamic analysis and tracking control of underactuated multibody systems},
  year      = {2017},
  publisher = {Pattanty{\'u}s-{\'A}brah{\'a}m G{\'e}za G{\'e}p{\'e}szeti Tudom{\'a}nyok Doktori Iskola},
}

@Article{mazur1996universal,
  author    = {Mazur, A},
  title     = {Universal adaptive tracking controller for rigid manipulators},
  journal   = {APPLIED MATHEMATICS AND COMPUTER SCIENCE},
  year      = {1996},
  volume    = {6},
  pages     = {759--788},
  publisher = {TECHNICAL UNIVERSITY PRESS},
}

@Book{hangos2006analysis,
  author    = {Hangos, Katalin M and Bokor, J{\'o}zsef and Szederk{\'e}nyi, G{\'a}bor},
  title     = {Analysis and control of nonlinear process systems},
  year      = {2006},
  publisher = {Springer Science \& Business Media},
}

@Unpublished{Jarzebowska2016,
  author   = {Elzbieta Jarzebowska and Bartlomiej Pilarczyk},
  title    = {Design of tracking controller for object interception in space},
  year     = {2016},
  location = {Institute of Aeronautics and Applied Mechanics, Warsaw University of Technology},
  address  = {Nowowiejska 24, 00-665 Wasaw, Poland},
}

@Comment{jabref-meta: databaseType:biblatex;}
